@book{Bertsekas,
 author = {Bertsekas.D.P.},
 title = {Network optimization: continuous and discrete models.},
 publisher = {Athena Scientific Belmont},
 year = 1998
}

